@article{chua1971,
  doi = {10.1109/tct.1971.1083337},
  url = {http://dx.doi.org/10.1109/TCT.1971.1083337},
  year  = {1971},
  publisher = {Institute of Electrical {\&} Electronics Engineers ({IEEE})},
  volume = {18},
  number = {5},
  pages = {507--519},
  author = {L. Chua},
  title = {Memristor-The missing circuit element},
  journal = {{IEEE} Trans. Circuit Theory}
}

@article{chua2011,
  doi = {10.1007/s00339-011-6264-9},
  url = {http://dx.doi.org/10.1007/s00339-011-6264-9},
  year  = {2011},
  month = {jan},
  publisher = {Springer Science $\mathplus$ Business Media},
  volume = {102},
  number = {4},
  pages = {765--783},
  author = {Leon Chua},
  title = {Resistance switching memories are memristors},
  journal = {Appl. Phys. A}
}

@article{strukov2008missing,
  title={The missing memristor found},
  author={Strukov, Dmitri B and Snider, Gregory S and Stewart, Duncan R and Williams, R Stanley},
  journal={nature},
  volume={453},
  number={7191},
  pages={80--83},
  year={2008},
  publisher={Nature Publishing Group}
}

@article{williams2008we,
  title={How we found the missing memristor},
  author={Williams, Stanley R},
  journal={Spectrum, IEEE},
  volume={45},
  number={12},
  pages={28--35},
  year={2008},
  publisher={IEEE}
}


@article{argall1968,
  doi = {10.1016/0038-1101(68)90092-0},
  url = {http://dx.doi.org/10.1016/0038-1101(68)90092-0},
  year  = {1968},
  month = {may},
  publisher = {Elsevier {BV}},
  volume = {11},
  number = {5},
  pages = {535--541},
  author = {F. Argall},
  title = {Switching phenomena in titanium oxide thin films},
  journal = {Solid-State Electronics}
}